@string{security  = "USENIX Security Symposium (USENIX)"}
@string{ccs       = "ACM Conference on Computer and Communications Security (CCS)"}
@string{oakland   = "IEEE Symposium on Security and Privacy (S\&P)"}
@string{eurosp    = "IEEE European Symposium on Security and Privacy (EuroS\&P)"}                  
@string{ndss      = "Symposium on Network and Distributed System Security (NDSS)"}
@string{osdi      = "USENIX Conference on Operating Systems Design and Implementation (OSDI)"}
@string{sosp      = "ACM Symposium on Operating Systems Principles (SOSP)"}
@string{asiaccs   = "ACM Asia Conference on Computer and Communications Security (ASIACCS)"}
@string{acsac     = "Computer Security Applications Conference (ACSAC)"}
@string{dimva     = "Conference on Detection of Intrusions and Malware, and Vulnerability Assessment (DIMVA)"}
@string{www       = "International World Wide Web Conference (WWW)"}
@string{esorics   = "European Symposium on Research in Computer Security (ESORICS)"}
@string{pkc       = "IACR International Conference on Practice and Theory of Public-Key Cryptography (PKC)"}
@string{eurosys   = "European Conference on Computer Systems (EuroSys)"}
@string{nsdi      = "USENIX Symposium on Networked Systems Design and Implementation (NSDI)"}
@string{atc       = "USENIX Annual Technical Conference (ATC)"}
@string{indocrypt = "International Conference on Cryptology in India (INDOCRYPT)"}
@string{fc        = "International Conference on Financial Cryptography and Data Security (FC)"}
@string{ct-rsa    = "Cryptographers' Track at the RSA Conference (CT-RSA)"}
@string{dsn       = "Conference on Dependable Systems and Networks (DSN)"}
@string{raid      = "International Symposium on Research in Attacks, Intrusions, and Defenses (RAID)"}
@string{raid-old  = "International Symposium on Recent Advances in Intrusion Detection (RAID)"}
@string{codaspy   = "ACM Conference on Data and Application Security and Privacy (CODASPY)"}
@string{ccgrid    = "IEEE/ACM International Symposium on Cluster, Cloud and Grid Computing (CCGRID)"}
@string{icwe      = "International Conference on Web Engineering (ICWE)"}
@string{icst      = "IEEE International Conference on Software Testing, Verification and Validation (ICST)"}
@string{csmr      = "European Conference on Software Maintenance and Reengineering (CSMR)"}
@string{fase      = "International Conference on Fundamental Approaches to Software Engineering (FASE)"}
@string{vldb      = "International Conference on Very Large Data Bases (VLDB)"}
@string{wcre      = "Working Conference on Reverse Engineering (WCRE)"}
@string{dls       = "ACM SIGPLAN Dynamic Languages Symposium (DLS)"}
@string{ace       = "IEEE/ACM Conference on Automated Software Engineering (ASE)"}
@string{acm-plas  = "ACM SIGPLAN Workshop on Programming Languages and Analysis for Security (PLAS)"}
@string{tacas     = "International Conference on Tools and Algorithms for the Construction and Analysis of Systems (TACAS)"}
@string{pldi      = "ACM SIGPLAN Conference on Programming Language Design and Implementation (PLDI)"}
@string{hotsec    = "USENIX Workshop on Hot Topics in Security (HotSec)"}
@string{ifip-sec  = "IFIP International Information Security Conference"}
@string{popl      = "Symposium on Principles of Programming Languages (POPL)"}
@string{w2sp      = "Workshop on Web 2.0 Security and Privacy (W2SP)"}
@string{sac       = "ACM Symposium on Applied Computing (SAC)"}
@string{iceccs    = "IEEE International Conference on Engineering of Complex Computer Systems (ICECCS)"}
@string{woot      = "USENIX Workshop on Offensive Technologies (WOOT)"}
@string{mines     = "International Conference on Multimedia Information Networking and Security (MINES)"}
@string{icc       = "IEEE International Conference on Communications (ICC)"}
@string{cit       = "IEEE International Conference on Computer and Information Technology (CIT)"}
@string{soaps     = "Symposium on Accessible Privacy and Security (SOAPS)"}
@string{dyla      = "Workshop on Dynamic Languages and Applications (DYLA)"}
@string{fse       = "Joint Meeting on Foundations of Software Engineering (FSE)"}
@string{webapps   = "USENIX Conference on Web Application Development (WebApps)"}
@string{issta     = "International Symposium on Software Testing and Analysis (ISSTA)"}
@string{sas       = "International Static Analysis Symposium (SAS)"}
@string{fie       = "Frontiers in Education Conference (FIE)"}
@string{icse      = "International Conference on Software Engineering (ICSE)"}
@string{cav       = "International Conference on Computer-Aided Verification (CAV)"}
@string{aaai      = "AAAI Cconference on Artifical Intelligence (AAAI)"}
@string{lopstr    = "International Symposium on Logic-Based Program Synthesis and Transformation (LOPSTR)"}
@string{crypto    = "International Cryptology Conference (CRYPTO)"}
@string{eurocrypt = "Annual International Conference on the Theory and Applications of Cryptographic Techniques (EUROCRYPT)"}
@string{post      = "International Conference on Principles of Security and Trust (POST)"}
@string{esop      = "European Symposium on Programming (ESOP)"}
@string{asplos    = "International Conference on Architectural Support for Programming Languages and Operating Systems (ASPLOS)"}
@string{dac       = "Annual Design Automation Conference (DAC)"}
@string{cc        = "International Conference on Compiler Construction (CC)"}
@string{csf       = "IEEE Computer Security Foundations Symposium (CSF)"}
@string{focs      = "IEEE Annual Symposium on Foundations of Computer Science (FOCS)"}
@string{stoc      = "ACM Symposium on Theory of Computing (STOC)"}                  
@string{concur    = "International Conference on Concurrency Theory (CONCUR)"}
@string{ssr       = "International Conference on Security Standardisation Research (SSR)"}
@string{apsys     = "Asia-Pacific Workshop on Systems (APSys)"}
@string{jelia     = "European Conference on Logics in Artificial Intelligence (JELIA)"}
@string{rta       = "International Conference on Term Rewriting and Applications (RTA)"}
@string{tosca     = "Workshop on Theory of Security and Applications (TOSCA)"}
@string{lics      = "IEEE Symposium on Logic in Computer Science (LICS)"}
@string{itp       = "International Conference on Interactive Theorem Proving (ITP)"}
@string{vstte     = "International Conference on Verified Software. Theories, Tools, and Experiments (VSTTE)"}
@string{imc       = "Internet Measurement Conference (IMC)"}
@string{cans      = "International Conference on Cryptology and Network Security (CANS)"}
@string{ches      = "Conference on Cryptographic Hardware and Embedded Systems (CHES)"}
@string{icisc     = "International Conference on Information Security and Cryptology (ICISC)"}
@string{sefm      = "International Conference on Software Engineering and Formal Methods (SEFM)"}
@string{lpar      = "International Conference on Logic for Programming, Artificial Intelligence, and Reasoning (LPAR)"}
@string{fsenc     = "International Conference on Fast Software Encryption (FSE)"}
@string{selac     = "International Conference on Selected Areas in Cryptography (SAC)"}
@string{cpp       = "International Conference on Certified Programs and Proofs (CPP)"}                                                      
@string{cade      = "International Conference on Automated Deduction (CADE)"}
@string{pets      = "International Symposium on Privacy Enhancing Technolologies (PETS)"}
@string{wisec     = "Conference on Security and Privacy in Wireless and Mobile Networks (WISEC)"}