@inproceedings{DBLP:conf/sp/ChenCWSCF21,
  author    = {Yunang Chen and
               Amrita Roy Chowdhury and
               Ruizhe Wang and
               Andrei Sabelfeld and
               Rahul Chatterjee and
               Earlence Fernandes},
  title     = {Data Privacy in Trigger-Action Systems},
  booktitle = {42nd {IEEE} Symposium on Security and Privacy, {SP} 2021, San Francisco,
               CA, USA, 24-27 May 2021},
  pages     = {501--518},
  publisher = {{IEEE}},
  year      = {2021},
  url       = {https://doi.org/10.1109/SP40001.2021.00108},
  doi       = {10.1109/SP40001.2021.00108},
  timestamp = {Tue, 12 Oct 2021 18:03:30 +0200},
  biburl    = {https://dblp.org/rec/conf/sp/ChenCWSCF21.bib},
  bibsource = {dblp computer science bibliography, https://dblp.org}
}

@inproceedings{DBLP:conf/chi/UrHBLMPSL16,
  author    = {Blase Ur and
               Melwyn Pak Yong Ho and
               Stephen Brawner and
               Jiyun Lee and
               Sarah Mennicken and
               Noah Picard and
               Diane Schulze and
               Michael L. Littman},
  editor    = {Jofish Kaye and
               Allison Druin and
               Cliff Lampe and
               Dan Morris and
               Juan Pablo Hourcade},
  title     = {Trigger-Action Programming in the Wild: An Analysis of 200, 000 {IFTTT}
               Recipes},
  booktitle = {Proceedings of the 2016 {CHI} Conference on Human Factors in Computing
               Systems, San Jose, CA, USA, May 7-12, 2016},
  pages     = {3227--3231},
  publisher = {{ACM}},
  year      = {2016},
  url       = {https://doi.org/10.1145/2858036.2858556},
  doi       = {10.1145/2858036.2858556},
  timestamp = {Fri, 12 Mar 2021 15:27:48 +0100},
  biburl    = {https://dblp.org/rec/conf/chi/UrHBLMPSL16.bib},
  bibsource = {dblp computer science bibliography, https://dblp.org}
}

@inproceedings{DBLP:conf/www/SurbatovichABDJ17,
  author    = {Milijana Surbatovich and
               Jassim Aljuraidan and
               Lujo Bauer and
               Anupam Das and
               Limin Jia},
  editor    = {Rick Barrett and
               Rick Cummings and
               Eugene Agichtein and
               Evgeniy Gabrilovich},
  title     = {Some Recipes Can Do More Than Spoil Your Appetite: Analyzing the Security
               and Privacy Risks of {IFTTT} Recipes},
  booktitle = {Proceedings of the 26th International Conference on World Wide Web,
               {WWW} 2017, Perth, Australia, April 3-7, 2017},
  pages     = {1501--1510},
  publisher = {{ACM}},
  year      = {2017},
  url       = {https://doi.org/10.1145/3038912.3052709},
  doi       = {10.1145/3038912.3052709},
  timestamp = {Sun, 16 Aug 2020 15:25:45 +0200},
  biburl    = {https://dblp.org/rec/conf/www/SurbatovichABDJ17.bib},
  bibsource = {dblp computer science bibliography, https://dblp.org}
}

@article{DBLP:journals/corr/abs-2009-12447,
  author    = {Sandy Schoettler and
               Andrew Thompson and
               Rakshith Gopalakrishna and
               Trinabh Gupta},
  title     = {Walnut: {A} low-trust trigger-action platform},
  journal   = {CoRR},
  volume    = {abs/2009.12447},
  year      = {2020},
  url       = {https://arxiv.org/abs/2009.12447},
  eprinttype = {arXiv},
  eprint    = {2009.12447},
  timestamp = {Fri, 02 Oct 2020 12:36:52 +0200},
  biburl    = {https://dblp.org/rec/journals/corr/abs-2009-12447.bib},
  bibsource = {dblp computer science bibliography, https://dblp.org}
}